@article{wang2019global,
  title={Global convergence of ADMM in nonconvex nonsmooth optimization},
  author={Wang, Yu and Yin, Wotao and Zeng, Jinshan},
  journal={Journal of Scientific Computing},
  volume={78},
  number={1},
  pages={29--63},
  year={2019},
  publisher={Springer}
}

@book{nocedal2006numerical,
    title={Numerical optimization},
    author={Nocedal, Jorge and Wright, Stephen},
    year={2006},
    publisher={Springer Science \& Business Media}
}

@article{sun2019two,
    title={A two-level distributed algorithm for nonconvex constrained optimization},
    author={Sun, Kaizhao and Sun, X Andy},
    journal={arXiv preprint arXiv:1902.07654},
    year={2019}
}


@article{melo2017iteration,
    title={Iteration-complexity of a Jacobi-type non-Euclidean ADMM for multi-block linearly constrained nonconvex programs},
    author={Melo, Jefferson G and Monteiro, Renato DC},
    journal={arXiv preprint arXiv:1705.07229},
    year={2017}
}
